<?xml version="1.0" encoding="UTF-8"?><collection xmlns="http://www.loc.gov/MARC21/slim"><record><leader>00409nam--2200133-i-4500</leader><controlfield tag="001">000011182</controlfield><controlfield tag="002">20161230</controlfield><controlfield tag="005">20161230201029</controlfield><controlfield tag="008">060222s1000------------r-----000-0-eng-d</controlfield><datafield ind1=" " ind2=" " tag="245"><subfield code="a">Dictionary of scientific biography. charles coulston gillispie, editor in chief</subfield></datafield><datafield ind1=" " ind2=" " tag="260"><subfield code="a">New York, Ch.Scribner S Sons, 1970-1972</subfield></datafield><datafield ind1=" " ind2=" " tag="490"><subfield code="a">Xii+624p</subfield></datafield><datafield ind1=" " ind2=" " tag="700"><subfield code="a">Cabanis, P., Cechen H.Von</subfield></datafield><datafield ind1=" " ind2=" " tag="852"><subfield code="a">929(038)=20:801.323.1=20</subfield></datafield></record></collection>